[
  {
    "controlfield": [
      {
        "tag": "001",
        "value": "009670326"
      },
      {
        "tag": "005",
        "value": "20191004131526.0"
      }
    ],
    "datafield": [
      {
        "ind1": "#",
        "ind2": "#",
        "subfield": [
          {
            "code": " ",
            "value": "RU\\NLR\\A1\\156"
          }
        ],
        "tag": "035"
      },
      {
        "ind1": "#",
        "ind2": "#",
        "subfield": [
          {
            "code": "a",
            "value": "19960426d1795    k  y0rusy50      ca"
          }
        ],
        "tag": "100"
      },
      {
        "ind1": "1",
        "ind2": "#",
        "subfield": [
          {
            "code": "a",
            "value": "rus"
          },
          {
            "code": "c",
            "value": "lat"
          }
        ],
        "tag": "101"
      },
      {
        "ind1": "#",
        "ind2": "#",
        "subfield": [
          {
            "code": "a",
            "value": "RU"
          }
        ],
        "tag": "102"
      },
      {
        "ind1": "#",
        "ind2": "#",
        "subfield": [
          {
            "code": "a",
            "value": "y   y    aa      yyyaa0000"
          }
        ],
        "tag": "140"
      },
      {
        "ind1": "1",
        "ind2": "#",
        "subfield": [
          {
            "code": "a",
            "value": "Выбранныя места из книг Блаженнаго Августина о православной кафолической церкви и о нерадящих о ней."
          },
          {
            "code": "g",
            "value": "[Перевел И.С.Тодорский]"
          }
        ],
        "tag": "200"
      },
      {
        "ind1": "#",
        "ind2": "#",
        "subfield": [
          {
            "code": "a",
            "value": "[В Санктпетербурге"
          },
          {
            "code": "c",
            "value": "В Типографии Святейшаго правительствущаго синода"
          },
          {
            "code": "d",
            "value": "1795]"
          }
        ],
        "tag": "210"
      },
      {
        "ind1": "#",
        "ind2": "#",
        "subfield": [
          {
            "code": "a",
            "value": "20 с."
          },
          {
            "code": "d",
            "value": "8°"
          }
        ],
        "tag": "215"
      },
      {
        "ind1": "#",
        "ind2": "#",
        "subfield": [
          {
            "code": "a",
            "value": "Вых. дан. указаны на с.20"
          }
        ],
        "tag": "300"
      },
      {
        "ind1": "#",
        "ind2": "#",
        "subfield": [
          {
            "code": "a",
            "value": "Без тит. л."
          }
        ],
        "tag": "303"
      },
      {
        "ind1": "#",
        "ind2": "#",
        "subfield": [
          {
            "code": "a",
            "value": "Только кн. \"О подвиге христианина\" принадлежит к подлин. соч. Августина"
          }
        ],
        "tag": "304"
      },
      {
        "ind1": "#",
        "ind2": "#",
        "subfield": [
          {
            "code": "a",
            "value": "Извлеч. из кн.: \"Зеркало\" (\"Liber meditationum\"), \"О подвиге христианина\" (\"De agone christiano\"), \"Проспера Аквитанскаго мыслей из сочинений Блаженнаго Августина книга одна\" (\"Sententiae aliquot velut aphorismi ex omnibus Augustini et aliorum libris deserptae per studiosum aliquem\") \")"
          }
        ],
        "tag": "305"
      },
      {
        "ind1": "#",
        "ind2": "#",
        "subfield": [
          {
            "code": "a",
            "value": "Экз. РНБ (138/2897) в соврем. составном картон. пер. бордового цвета с ледериновым корешком коричневого цвета и матерчатыми уголками розового цвета. На нижней крышке пер. экслибрис Русского фонда ГПБ с шифром. На с.1 ярлык с шифром РНБ и круглый штамп ГПБ. На с.20 экслибрис с шифром РНБ. Размер: 20,7х13,3х0,8 см"
          },
          {
            "code": "5",
            "value": "NLR: 138/2897"
          }
        ],
        "tag": "316"
      },
      {
        "ind1": "1",
        "ind2": "#",
        "subfield": [
          {
            "code": "a",
            "value": "СК XVIII 15"
          }
        ],
        "tag": "321"
      },
      {
        "ind1": "1",
        "ind2": "#",
        "subfield": [
          {
            "code": "a",
            "value": "Выбранные места из книг Блаженного Августина о православной кафолической церкви и о нерадящих о ней."
          }
        ],
        "tag": "518"
      },
      {
        "ind1": "#",
        "ind2": "#",
        "subfield": [
          {
            "code": "d",
            "value": "Санкт-Петербург"
          }
        ],
        "tag": "620"
      },
      {
        "ind1": "#",
        "ind2": "1",
        "subfield": [
          {
            "code": "a",
            "value": "Августин Аврелий"
          },
          {
            "code": "c",
            "value": "епископ Гиппонийский"
          },
          {
            "code": "f",
            "value": "354-430"
          },
          {
            "code": "3",
            "value": "RU\\NLR\\AUTH\\773342"
          },
          {
            "code": "4",
            "value": "070"
          }
        ],
        "tag": "700"
      },
      {
        "ind1": "#",
        "ind2": "1",
        "subfield": [
          {
            "code": "a",
            "value": "Тодорский"
          },
          {
            "code": "b",
            "value": "И. С."
          },
          {
            "code": "g",
            "value": "Иван Степанович"
          },
          {
            "code": "f",
            "value": "18 в."
          },
          {
            "code": "3",
            "value": "RU\\NLR\\AUTH\\770183131"
          },
          {
            "code": "4",
            "value": "730"
          }
        ],
        "tag": "702"
      },
      {
        "ind1": "0",
        "ind2": "2",
        "subfield": [
          {
            "code": "a",
            "value": "Петербургская синодальная типография"
          },
          {
            "code": "3",
            "value": "RU\\NLR\\AUTH\\889940130"
          },
          {
            "code": "4",
            "value": "610"
          }
        ],
        "tag": "712"
      },
      {
        "ind1": "#",
        "ind2": "0",
        "subfield": [
          {
            "code": "a",
            "value": "rus"
          },
          {
            "code": "b",
            "value": "rnb"
          },
          {
            "code": "c",
            "value": "19960426"
          }
        ],
        "tag": "801"
      },
      {
        "ind1": "#",
        "ind2": "1",
        "subfield": [
          {
            "code": "a",
            "value": "RU"
          },
          {
            "code": "b",
            "value": "NLR"
          },
          {
            "code": "c",
            "value": "19960426"
          }
        ],
        "tag": "801"
      },
      {
        "ind1": "#",
        "ind2": "2",
        "subfield": [
          {
            "code": "a",
            "value": "RU"
          },
          {
            "code": "b",
            "value": "NLR"
          },
          {
            "code": "c",
            "value": "20191114"
          },
          {
            "code": "2",
            "value": "rusmarc"
          }
        ],
        "tag": "801"
      },
      {
        "ind1": "#",
        "ind2": "#",
        "subfield": [
          {
            "code": "a",
            "value": "NLR"
          },
          {
            "code": "j",
            "value": "138/2897"
          }
        ],
        "tag": "852"
      },
      {
        "ind1": "#",
        "ind2": "#",
        "subfield": [
          {
            "code": "a",
            "value": "РГБ"
          }
        ],
        "tag": "852"
      },
      {
        "ind1": "#",
        "ind2": "#",
        "subfield": [
          {
            "code": "a",
            "value": "БАН"
          }
        ],
        "tag": "852"
      },
      {
        "ind1": "#",
        "ind2": "#",
        "subfield": [
          {
            "code": "a",
            "value": "ГПИБ"
          }
        ],
        "tag": "852"
      },
      {
        "ind1": "#",
        "ind2": "#",
        "subfield": [
          {
            "code": "a",
            "value": "bx000017035"
          }
        ],
        "tag": "901"
      },
      {
        "ind1": "#",
        "ind2": "#",
        "subfield": [
          {
            "code": "a",
            "value": "kp"
          }
        ],
        "tag": "979"
      },
      {
        "ind1": "#",
        "ind2": "#",
        "subfield": [
          {
            "code": "a",
            "value": "kpcivil"
          }
        ],
        "tag": "979"
      }
    ],
    "leader": "00000nam0 22003971i 450 "
  }
]